=======================================
Previous Works
=======================================

SVM
@inproceedings{phayung2013,
  author    = {Meesad, Phayung and Rasel, Risul Islam},
  booktitle = {2013 International Conference on Informatics, Electronics and Vision (ICIEV)},
  title     = {Predicting stock market price using support vector regression},
  year      = {2013},
  pages     = {1-6},
  keywords  = {Predictive models;Support vector machines;Stock markets;Error analysis;Analytical models;Training;Kernel;Support vector regression (SVR);Windowing operators;Stock market;Time series data},
  doi       = {10.1109/ICIEV.2013.6572570}
}

SVM
@inproceedings{tripathy2019,
  title     = {Stock price prediction using support vector machine approach},
  author    = {Tripathy, Naliniprava},
  booktitle = {International Academic Conference on Management \& Economics},
  pages     = {44--59},
  year      = {2019}
}

SVM
@article{henrique2018,
  title    = {Stock price prediction using support vector regression on daily and up to the minute prices},
  journal  = {The Journal of Finance and Data Science},
  volume   = {4},
  number   = {3},
  pages    = {183-201},
  year     = {2018},
  issn     = {2405-9188},
  doi      = {https://doi.org/10.1016/j.jfds.2018.04.003},
  url      = {https://www.sciencedirect.com/science/article/pii/S2405918818300060},
  author   = {Bruno Miranda Henrique and Vinicius Amorim Sobreiro and Herbert Kimura},
  keywords = {Prediction, Stock market, Machine learning, Support vector regression, High frequency trading}
}

Use State Frequency Memory to capture multi-frequency trading patterns in stock price prediction
@inproceedings{zhang2017,
  author    = {Zhang, Liheng and Aggarwal, Charu and Qi, Guo-Jun},
  title     = {Stock Price Prediction via Discovering Multi-Frequency Trading Patterns},
  year      = {2017},
  isbn      = {9781450348874},
  publisher = {Association for Computing Machinery},
  address   = {New York, NY, USA},
  url       = {https://doi.org/10.1145/3097983.3098117},
  doi       = {10.1145/3097983.3098117},
  booktitle = {Proceedings of the 23rd ACM SIGKDD International Conference on Knowledge Discovery and Data Mining},
  pages     = {2141–2149},
  numpages  = {9},
  keywords  = {stock price prediction, state frequency memory, multi-frequency trading patterns},
  location  = {Halifax, NS, Canada},
  series    = {KDD '17}
}

Predict stock prices using LSTM
@article{fischer2018,
  title    = {Deep learning with long short-term memory networks for financial market predictions},
  journal  = {European Journal of Operational Research},
  volume   = {270},
  number   = {2},
  pages    = {654-669},
  year     = {2018},
  issn     = {0377-2217},
  doi      = {https://doi.org/10.1016/j.ejor.2017.11.054},
  url      = {https://www.sciencedirect.com/science/article/pii/S0377221717310652},
  author   = {Thomas Fischer and Christopher Krauss},
  keywords = {Finance, Statistical arbitrage, LSTM, Machine learning, Deep learning}
}

Stock Price Prediction Using Time Series, Econometric, Machine Learning, and Deep Learning Models
@inproceedings{chatterjee2021,
  title     = {Stock Price Prediction Using Time Series, Econometric, Machine Learning, and Deep Learning Models},
  url       = {http://dx.doi.org/10.1109/MysuruCon52639.2021.9641610},
  doi       = {10.1109/mysurucon52639.2021.9641610},
  booktitle = {2021 IEEE Mysore Sub Section International Conference (MysuruCon)},
  publisher = {IEEE},
  author    = {Chatterjee, Ananda and Bhowmick, Hrisav and Sen, Jaydip},
  year      = {2021},
  month     = oct,
  pages     = {289–296}
}

adversarial training
@misc{feng2019an,
  title         = {Enhancing Stock Movement Prediction with Adversarial Training},
  author        = {Fuli Feng and Huimin Chen and Xiangnan He and Ji Ding and Maosong Sun and Tat-Seng Chua},
  year          = {2019},
  eprint        = {1810.09936},
  archiveprefix = {arXiv},
  primaryclass  = {q-fin.TR},
  url           = {https://arxiv.org/abs/1810.09936}
}

diffusion VAE
@inproceedings{koa2023,
  series     = {CIKM ’23},
  title      = {Diffusion Variational Autoencoder for Tackling Stochasticity in Multi-Step Regression Stock Price Prediction},
  url        = {http://dx.doi.org/10.1145/3583780.3614844},
  doi        = {10.1145/3583780.3614844},
  booktitle  = {Proceedings of the 32nd ACM International Conference on Information and Knowledge Management},
  publisher  = {ACM},
  author     = {Koa, Kelvin J.L. and Ma, Yunshan and Ng, Ritchie and Chua, Tat-Seng},
  year       = {2023},
  month      = oct,
  pages      = {1087–1096},
  collection = {CIKM ’23}
}

transformer
@inproceedings{gao2023,
  title     = {StockFormer: Learning Hybrid Trading Machines with Predictive Coding},
  author    = {Gao, Siyu and Wang, Yunbo and Yang, Xiaokang},
  booktitle = {IJCAI},
  year      = {2023}
}

ranking & multi-stock
@article{feng2019rank,
  title     = {Temporal Relational Ranking for Stock Prediction},
  volume    = {37},
  issn      = {1558-2868},
  url       = {http://dx.doi.org/10.1145/3309547},
  doi       = {10.1145/3309547},
  number    = {2},
  journal   = {ACM Transactions on Information Systems},
  publisher = {Association for Computing Machinery (ACM)},
  author    = {Feng, Fuli and He, Xiangnan and Wang, Xiang and Luo, Cheng and Liu, Yiqun and Chua, Tat-Seng},
  year      = {2019},
  month     = mar,
  pages     = {1–30}
}

RL
@misc{jiang2017,
  title         = {A Deep Reinforcement Learning Framework for the Financial Portfolio Management Problem},
  author        = {Zhengyao Jiang and Dixing Xu and Jinjun Liang},
  year          = {2017},
  eprint        = {1706.10059},
  archiveprefix = {arXiv},
  primaryclass  = {q-fin.CP},
  url           = {https://arxiv.org/abs/1706.10059}
}

FinRL
@misc{liu2022finrl,
  title         = {FinRL: A Deep Reinforcement Learning Library for Automated Stock Trading in Quantitative Finance},
  author        = {Xiao-Yang Liu and Hongyang Yang and Qian Chen and Runjia Zhang and Liuqing Yang and Bowen Xiao and Christina Dan Wang},
  year          = {2022},
  eprint        = {2011.09607},
  archiveprefix = {arXiv},
  primaryclass  = {q-fin.TR},
  url           = {https://arxiv.org/abs/2011.09607}
}

=======================================
Methodology
=======================================

multi-stock environment
@misc{gogikar2022,
  author       = {Gogikar, Akhilesh},
  howpublished = {\url{https://medium.com/@akhileshgogikar/custom-gym-environment-for-multi-stock-algo-trading-113b07dd445d}},
  title        = {Multi-stock Algo-Trading environment for RL},
  year         = {2022},
  month        = jun,
  note         = {accessed Dec. 23, 2024}
}


=======================================
Data Sources
=======================================

Yahoo Finance
@misc{yahoofinance,
  howpublished = {\url{https://finance.yahoo.com/}},
  title        = {Yahoo! Finance},
  note         = {accessed Dec. 23, 2024}
}

YFinance
@misc{yfinance,
  howpublished = {\url{https://github.com/ranaroussi/yfinance}},
  title        = {YFinance},
  note         = {accessed Dec. 23, 2024}
}

Binance API
@misc{binanceapi,
  howpublished = {\url{https://www.binance.com/binance-api}},
  title        = {Binance API},
  note         = {accessed Dec. 23, 2024}
}

ccxt
@misc{ccxt,
  howpublished = {\url{https://github.com/ccxt/ccxt}},
  title        = {ccxt},
  note         = {accessed Dec. 23, 2024}
}